@article{1,
  title={Об одной несингулярной изотропной космологической модели},
  author={Старобинский, АА},
  journal={Письма в Астрономический журнал},
  volume={4},
  number={4},
  pages={155--159},
  year={1978}
}

@article{2,
  title={A new type of isotropic cosmological models without singularity},
  author={Starobinsky, Alexei A},
  journal={Physics Letters B},
  volume={91},
  number={1},
  pages={99--102},
  year={1980},
  publisher={Elsevier}
}

@article{3,
  title={Inflationary universe: A possible solution to the horizon and flatness problems},
  author={Guth, Alan H},
  journal={Physical Review D},
  volume={23},
  number={2},
  pages={347},
  year={1981},
  publisher={APS}
}

@article{4,
  title={A new inflationary universe scenario: a possible solution of the horizon, flatness, homogeneity, isotropy and primordial monopole problems},
  author={Linde, Andrei D},
  journal={Physics Letters B},
  volume={108},
  number={6},
  pages={389--393},
  year={1982},
  publisher={Elsevier}
}

@article{5,
  title={An alternative to quintessence},
  author={Kamenshchik, Alexander and Moschella, Ugo and Pasquier, Vincent},
  journal={Physics Letters B},
  volume={511},
  number={2-4},
  pages={265--268},
  year={2001},
  publisher={Elsevier}
}

@article{6,
  title={Modified non-local-F (R) gravity as the key for the inflation and dark energy},
  author={Nojiri, Shin'ichi and Odintsov, Sergei D},
  journal={Physics Letters B},
  volume={659},
  number={4},
  pages={821--826},
  year={2008},
  publisher={Elsevier}
}

@article{7,
  title={Modified gravity and cosmology},
  author={Clifton, Timothy and Ferreira, Pedro G and Padilla, Antonio and Skordis, Constantinos},
  journal={Physics reports},
  volume={513},
  number={1-3},
  pages={1--189},
  year={2012},
  publisher={Elsevier}
}

@book{8,
  title={Inflation and string theory},
  author={Baumann, Daniel and McAllister, Liam},
  year={2015},
  publisher={Cambridge University Press}
}

@article{9,
  title={Observation of gravitational waves from a binary black hole merger},
  author={Abbott, Benjamin P and Abbott, Richard and Abbott, TD and Abernathy, MR and Acernese, Fausto and Ackley, Kendall and Adams, Carl and Adams, Thomas and Addesso, Paolo and Adhikari, RX and others},
  journal={Physical review letters},
  volume={116},
  number={6},
  pages={061102},
  year={2016},
  publisher={APS}
}

@article{10,
  title={GW151226: observation of gravitational waves from a 22-solar-mass binary black hole coalescence},
  author={Abbott, Benjamin P and Abbott, R and Abbott, TD and Abernathy, MR and Acernese, F and Ackley, K and Adams, C and Adams, T and Addesso, P and Adhikari, RX and others},
  journal={Physical review letters},
  volume={116},
  number={24},
  pages={241103},
  year={2016},
  publisher={APS}
}

@article{11,
  title={GW170817: observation of gravitational waves from a binary neutron star inspiral},
  author={Abbott, Benjamin P and Abbott, Rich and Abbott, TD and Acernese, Fausto and Ackley, Kendall and Adams, Carl and Adams, Thomas and Addesso, Paolo and Adhikari, RX and Adya, VB and others},
  journal={Physical Review Letters},
  volume={119},
  number={16},
  pages={161101},
  year={2017},
  publisher={APS}
}

@book{12,
  title={The Physics of the Cosmic Microwave Background},
  author={Naselsky, Pavel D and Novikov, Dmitry I and Novikov, Igor D},
  volume={41},
  year={2006},
  publisher={Cambridge University Press}
}

@article{13,
  title={Seven-year wilkinson microwave anisotropy probe (WMAP*) observations: galactic foreground emission},
  author={Gold, B and Odegard, N and Weiland, JL and Hill, RS and Kogut, A and Bennett, CL and Hinshaw, G and Chen, X and Dunkley, J and Halpern, M and others},
  journal={The Astrophysical Journal Supplement Series},
  volume={192},
  number={2},
  pages={15},
  year={2011},
  publisher={IOP Publishing}
}

@article{14,
  title={Multi-messenger observations of a binary neutron star merger},
  author={Abbott, BP and Abbott, R and Abbott, TD and Acernese, F and Adams, C and Adams, T and Addesso, P and Adhikari, RX and Adya, VB and Affeldt, C and others},
  journal={Astrophys. J. Lett.},
  volume={848},
  number={2},
  pages={L12},
  year={2017}
}

@article{15,
  title={Gravitational waves and gamma-rays from a binary neutron star merger: GW170817 and GRB 170817A},
  author={Abbott, Benjamin P and Abbott, Robert and Abbott, TD and Acernese, F and Ackley, K and Adams, C and Adams, T and Addesso, P and Adhikari, RX and Adya, VB and others},
  journal={The Astrophysical Journal Letters},
  volume={848},
  number={2},
  pages={L13},
  year={2017},
  publisher={IOP Publishing}
}

@article{16,
  title={Planck 2015 results-xiii. cosmological parameters},
  author={Ade, Peter AR and Aghanim, N and Arnaud, M and Ashdown, Mark and Aumont, J and Baccigalupi, C and Banday, AJ and Barreiro, RB and Bartlett, JG and Bartolo, N and others},
  journal={Astronomy \& Astrophysics},
  volume={594},
  pages={A13},
  year={2016},
  publisher={EDP sciences}
}

@article{17,
  title={Size of the observable universe},
  author={Halpern, Paul and Tomasello, Nick},
  journal={Advances in Astrophysics},
  volume={1},
  number={3},
  pages={135--137},
  year={2016}
}

@article{18,
  title={Planck 2015 results-xiii. cosmological parameters},
  author={Ade, Peter AR and Aghanim, N and Arnaud, M and Ashdown, Mark and Aumont, J and Baccigalupi, C and Banday, AJ and Barreiro, RB and Bartlett, JG and Bartolo, N and others},
  journal={Astronomy \& Astrophysics},
  volume={594},
  pages={A13},
  year={2016},
  publisher={EDP sciences}
}

@article{19,
  title={Nine-year Wilkinson Microwave Anisotropy Probe (WMAP) observations: final maps and results},
  author={Bennett, Charles L and Larson, Davin and Weiland, Janet L and Jarosik, N and Hinshaw, G and Odegard, N and Smith, KM and Hill, RS and Gold, B and Halpern, M and others},
  journal={The Astrophysical Journal Supplement Series},
  volume={208},
  number={2},
  pages={20},
  year={2013},
  publisher={IOP Publishing}
}

@article{20,
  title={Big-bang nucleosynthesis and the baryon density of the universe},
  author={Copi, Craig J and Schramm, David N and Turner, Michael S},
  journal={Science},
  volume={267},
  number={5195},
  pages={192--199},
  year={1995},
  publisher={American Association for the Advancement of Science}
}

@book{21,
  title={General relativity: an introduction for physicists},
  author={Hobson, Michael Paul and Efstathiou, George P and Lasenby, Anthony N},
  year={2006},
  publisher={Cambridge University Press}
}

@article{22,
  title={Методы построения и верификации моделей ранней Вселенной со скалярным полем},
  author={Фомин, Игорь Владимирович}
}

@article{23,
  title={Velocity of Light in Anisotropic Spacetime.},
  author={Fomin, I},
  journal={Russian Physics Journal},
  volume={59},
  number={1},
  year={2016}
}

@article{24,
  title={The light speed versus the observer: the Kennedy--Thorndike test from GRAAL-ESRF},
  author={Gurzadyan, VG and Margaryan, AT},
  journal={The European Physical Journal C},
  volume={78},
  number={8},
  pages={1--6},
  year={2018},
  publisher={Springer}
}

@article{25,
  title={Регистрация анизотропии пространства на основе результатов эксперимента SADE},
  author={Гладышев, Владимир Олегович and Тиунов, ПС and Леонтьев, АД and Гладышева, Татьяна Михайловна and Терешин, Александр Андреевич and Фомин, Игорь Владимирович and Шарандин, Евгений Анатольевич and Яворский, А},
  journal={Вестник Московского государственного технического университета им. НЭ Баумана. Серия: Естественные науки},
  number={S5},
  pages={94--109},
  year={2011},
  publisher={федеральное государственное бюджетное образовательное учреждение высшего~…}
}

@article{26,
  title={Исследование анизотропии пространства скоростей электромагнитного излучения в движущейся среде},
  author={Гладышев, ВО and Тиунов, ПС and Леонтьев, АД and Гладышева, ТМ and Шарандин, ЕА},
  journal={Журнал технической физики},
  volume={82},
  number={11},
  pages={54},
  year={2012},
  publisher={Федеральное государственное бюджетное учреждение науки Физико-технический~…}
}

@article{27,
  title={Гравитационные волны ранней вселенной},
  author={Фомин, ИВ and Червон, СВ and Морозов, АН},
  year={2018},
  publisher={федеральное государственное бюджетное образовательное учреждение высшего~…}
}

@article{28,
  title={Exploring the expansion history of the universe},
  author={Linder, Eric V},
  journal={Physical Review Letters},
  volume={90},
  number={9},
  pages={091301},
  year={2003},
  publisher={APS}
}

@article{29,
  title={Updated big bang nucleosynthesis compared with Wilkinson microwave anisotropy probe observations and the abundance of light elements},
  author={Coc, Alain and Vangioni-Flam, Elisabeth and Descouvemont, Pierre and Adahchour, Abderrahim and Angulo, Carmen},
  journal={The Astrophysical Journal},
  volume={600},
  number={2},
  pages={544},
  year={2004},
  publisher={IOP Publishing}
}

@article{30,
  title={The cosmic microwave background radiation},
  author={Gawiser, Eric and Silk, Joseph},
  journal={Physics Reports},
  volume={333},
  pages={245--267},
  year={2000},
  publisher={Elsevier}
}

@article{31,
  title={Cosmology and astrophysics},
  author={Garcia-Bellido, Juan},
  journal={arXiv preprint astro-ph/0502139},
  year={2005}
}

@article{32,
  title={Gravitation and the universe.},
  author={Dicke, Robert Henry},
  journal={Gravitation and the universe},
  year={1972}
}

@article{33,
  title={How old is the universe?},
  author={Moffat, JW},
  journal={Physics Letters B},
  volume={357},
  number={4},
  pages={526--531},
  year={1995},
  publisher={Elsevier}
}

@article{34,
  title={Inflationary universe: A possible solution to the horizon and flatness problems},
  author={Guth, Alan H},
  journal={Physical Review D},
  volume={23},
  number={2},
  pages={347},
  year={1981},
  publisher={APS}
}

@article{35,
  title={A new inflationary universe scenario: a possible solution of the horizon, flatness, homogeneity, isotropy and primordial monopole problems},
  author={Linde, Andrei D},
  journal={Physics Letters B},
  volume={108},
  number={6},
  pages={389--393},
  year={1982},
  publisher={Elsevier}
}

@article{36,
  title={Cosmology for grand unified theories with radiatively induced symmetry breaking},
  author={Albrecht, Andreas and Steinhardt, Paul J},
  journal={Physical Review Letters},
  volume={48},
  number={17},
  pages={1220},
  year={1982},
  publisher={APS}
}

@article{37,
  title={The inflationary universe},
  author={Guth, Alan H and Steinhardt, Paul J},
  journal={Scientific American},
  volume={250},
  number={5},
  pages={116--129},
  year={1984},
  publisher={JSTOR}
}

% до 38го ввел, дальше меня гугл сколар забанил, лол, надо будет через время доделать

@article{38,
  title={Particle physics and inflationary cosmology},
  author={Linde, Andrei D},
  journal={Quantum Gravity IV},
  pages={736},
  year={1988}
}

@article{39,
  title={Maps of dust infrared emission for use in estimation of reddening and cosmic microwave background radiation foregrounds},
  author={Schlegel, David J and Finkbeiner, Douglas P and Davis, Marc},
  journal={The Astrophysical Journal},
  volume={500},
  number={2},
  pages={525},
  year={1998},
  publisher={IOP Publishing}
}

@article{40,
  title={Dynamical analysis in scalar field cosmology},
  author={Paliathanasis, Andronikos and Tsamparlis, Michael and Basilakos, Spyros and Barrow, John D},
  journal={Physical Review D},
  volume={91},
  number={12},
  pages={123535},
  year={2015},
  publisher={APS}
}

@article{41,
  title={Космологические модели Фридмана с нелинейным скалярным полем},
  author={Иванов, ГГ},
  journal={Сб. ст.{\guillemotleft}Гравитация и теория относительности{\guillemotright}. Казань: Изд-во Казанского университета},
  pages={54--60},
  year={1981}
}

@article{42,
  title={Точные решения уравнений Эйнштейна для нелинейных скалярных полей типа Sin-Гордона, Лиувилля и Хиггса},
  author={Иванов, ГГ},
  journal={Сб. ст.{\guillemotleft}Гравитация и теория относительности{\guillemotright}. Казань: Изд-во Казанского университета},
  pages={37--46},
  year={1983}
}

@article{43,
  title={Stochastic inflation and nonlinear gravity},
  author={Salopek, DS and Bond, JR},
  journal={Physical Review D},
  volume={43},
  number={4},
  pages={1005},
  year={1991},
  publisher={APS}
}

@article{44,
  title={Measurements of $\Omega$ and $\Lambda$ from 42 high-redshift supernovae},
  author={Perlmutter, Saul and Aldering, Goldhaber and Goldhaber, Gerson and Knop, RA and Nugent, Peter and Castro, Patricia G and Deustua, Susana and Fabbro, Sebastien and Goobar, Ariel and Groom, Donald E and others},
  journal={The Astrophysical Journal},
  volume={517},
  number={2},
  pages={565},
  year={1999},
  publisher={IOP Publishing}
}

@book{45,
  title={Black holes, cosmology and extra dimensions},
  author={Bronnikov, Kirill A and Rubin, Sergei G},
  year={2013},
  publisher={World Scientific}
}

@article{46,
  title={Formalizing the slow-roll approximation in inflation},
  author={Liddle, Andrew R and Parsons, Paul and Barrow, John D},
  journal={Physical Review D},
  volume={50},
  number={12},
  pages={7222},
  year={1994},
  publisher={APS}
}

@article{47,
  title={The International Committee for Future Accelerators (ICFA): history and the future},
  author={Bhat, Pushpalatha C and Rubinstein, Roy},
  journal={Reviews of Accelerator Science and Technology},
  volume={10},
  number={01},
  pages={303--309},
  year={2019},
  publisher={World Scientific}
}

@article{48,
  title={From primordial quantum fluctuations to the anisotropies of the cosmic microwave background radiation},
  author={Straumann, Norbert},
  journal={Annalen der Physik},
  volume={15},
  number={10-11},
  pages={701--847},
  year={2006},
  publisher={Wiley Online Library}
}

@article{49,
  title={ма F (R) theory to Lorentz non-invariant models},
  author={Nojiri, Shin’ichi and Odintsov, Sergei D},
  journal={Physics Reports},
  volume={505},
  number={2-4},
  pages={59--144},
  year={2011},
  publisher={Elsevier}
}


@article{50,
  title={Curvature squared terms and string theories},
  author={Zwiebach, Barton},
  journal={Physics Letters B},
  volume={156},
  number={5-6},
  pages={315--317},
  year={1985},
  publisher={Elsevier}
}


@article{51,
  title={The Einstein tensor and its generalizations},
  author={Lovelock, David},
  journal={Journal of Mathematical Physics},
  volume={12},
  number={3},
  pages={498--501},
  year={1971},
  publisher={American Institute of Physics}
}


@article{52,
  title={Gauss--Bonnet term corrections in scalar field cosmology},
  author={Fomin, Igor},
  journal={The European Physical Journal C},
  volume={80},
  number={12},
  pages={1--16},
  year={2020},
  publisher={Springer}
}


@article{53,
  title={Singularity-free cosmological solutions in quadratic gravity},
  author={Kanti, Panagiota and Rizos, J and Tamvakis, Kyriakos},
  journal={Physical Review D},
  volume={59},
  number={8},
  pages={083512},
  year={1999},
  publisher={APS}
}


@article{54,
  title={Stability analysis of de Sitter solutions in models with the Gauss-Bonnet term},
  author={Pozdeeva, Ekaterina O and Sami, Mohammad and Toporensky, Alexey V and Vernov, Sergey Yu},
  journal={Physical Review D},
  volume={100},
  number={8},
  pages={083527},
  year={2019},
  publisher={APS}
}


@article{55,
  title={Testing general relativity in cosmology},
  author={Ishak, Mustapha},
  journal={Living Reviews in Relativity},
  volume={22},
  number={1},
  pages={1--204},
  year={2019},
  publisher={Springer}
}


@article{56,
  title={Chaotic inflation in modified gravitational theories},
  author={De Felice, Antonio and Tsujikawa, Shinji and Elliston, Joseph and Tavakol, Reza},
  journal={Journal of Cosmology and Astroparticle Physics},
  volume={2011},
  number={08},
  pages={021},
  year={2011},
  publisher={IOP Publishing}
}

@article{akrami2020planck,
  title={Planck 2018 results: X. Constraints on inflation},
  author={Akrami, Y and Arroja, F and Ashdown, M and Aumont, J and Baccigalupi, C and Ballardini, M and Banday, AJ and Barreiro, RB and Bartolo, N and Basak, S and others},
  year={2020}
}

@article{mukhanov1992theory,
  title={Theory of cosmological perturbations},
  author={Mukhanov, Viatcheslav F and Feldman, Hume A and Brandenberger, Robert Hans},
  journal={Physics reports},
  volume={215},
  number={5-6},
  pages={203--333},
  year={1992},
  publisher={Elsevier}
}

@article{guo2009power,
  title={Power spectra from an inflaton coupled to the Gauss-Bonnet term},
  author={Guo, Zong-Kuan and Schwarz, Dominik J},
  journal={Physical Review D},
  volume={80},
  number={6},
  pages={063523},
  year={2009},
  publisher={APS}
}

@article{wu2018primordial,
  title={Primordial spectra of slow-roll inflation at second-order with the Gauss-Bonnet correction},
  author={Wu, Qiang and Zhu, Tao and Wang, Anzhong},
  journal={Physical Review D},
  volume={97},
  number={10},
  pages={103502},
  year={2018},
  publisher={APS}
}

@article{guo2010slow,
  title={Slow-roll inflation with a Gauss-Bonnet correction},
  author={Guo, Zong-Kuan and Schwarz, Dominik J},
  journal={Physical Review D},
  volume={81},
  number={12},
  pages={123520},
  year={2010},
  publisher={APS}
}

@article{bhattacharjee2017constraining,
  title={Constraining scalar-Gauss-Bonnet inflation by reheating, unitarity, and Planck data},
  author={Bhattacharjee, Srijit and Maity, Debaprasad and Mukherjee, Rupak},
  journal={Physical Review D},
  volume={95},
  number={2},
  pages={023514},
  year={2017},
  publisher={APS}
}

@article{de2011inflationary,
  title={Inflationary non-Gaussianities in the most general second-order scalar-tensor theories},
  author={De Felice, Antonio and Tsujikawa, Shinji},
  journal={Physical Review D},
  volume={84},
  number={8},
  pages={083504},
  year={2011},
  publisher={APS}
}

@article{koh2017reconstruction,
  title={Reconstruction of the scalar field potential in inflationary models with a Gauss-Bonnet term},
  author={Koh, Seoktae and Lee, Bum-Hoon and Tumurtushaa, Gansukh},
  journal={Physical Review D},
  volume={95},
  number={12},
  pages={123509},
  year={2017},
  publisher={APS}
}

@article{koh2014observational,
  title={Observational constraints on slow-roll inflation coupled to a Gauss-Bonnet term},
  author={Koh, Seoktae and Lee, Bum-Hoon and Lee, Wonwoo and Tumurtushaa, Gansukh},
  journal={Physical Review D},
  volume={90},
  number={6},
  pages={063527},
  year={2014},
  publisher={APS}
}


@article{odintsov2020swampland,
  title={Swampland implications of GW170817-compatible Einstein-Gauss-Bonnet gravity},
  author={Odintsov, Sergei D and Oikonomou, VK},
  journal={Physics Letters B},
  volume={805},
  pages={135437},
  year={2020},
  publisher={Elsevier}
}


@article{odintsov2020rectifying,
  title={Rectifying Einstein-Gauss-Bonnet inflation in view of GW170817},
  author={Odintsov, Sergei D and Oikonomou, VK and Fronimos, FP},
  journal={Nuclear Physics B},
  volume={958},
  pages={115135},
  year={2020},
  publisher={Elsevier}
}

@article{odintsov2019inflationary,
  title={Inflationary phenomenology of Einstein Gauss-Bonnet gravity compatible with GW170817},
  author={Odintsov, SD and Oikonomou, VK},
  journal={Physics Letters B},
  volume={797},
  pages={134874},
  year={2019},
  publisher={Elsevier}
}

@article{bonilla2020forecasts,
  title={Forecasts on the speed of gravitational waves at high z},
  author={Bonilla, Alexander and D'Agostino, Rocco and Nunes, Rafael C and de Araujo, Jos{\'e} CN},
  journal={Journal of Cosmology and Astroparticle Physics},
  volume={2020},
  number={03},
  pages={015},
  year={2020},
  publisher={IOP Publishing}
}


@article{HiggsBAC,
  title={Measurements of the Higgs boson production and decay rates and constraints on its couplings from a combined ATLAS and CMS analysis of the LHC pp collision data at $\sqrt{s}=7$ and 8 TeV},
  author={Aad, Georges and Abbott, Brad and Abdallah, Jalal and Abeloos, B and Aben, R and AbouZeid, OS and Abraham, NL and Abramowicz, H and Abreu, H and Abreu, R and others},
  year={2016},
  publisher={Springer}
}